@inproceedings{cong2012,
 author = {Cong, Jason and Yuan, Bo},
 title = {Energy-efficient scheduling on heterogeneous multi-core architectures},
 booktitle = {Proceedings of the 2012 ACM/IEEE international symposium on Low power electronics and design},
 series = {ISLPED '12},
 year = {2012},
 isbn = {978-1-4503-1249-3},
 location = {Redondo Beach, California, USA},
 pages = {345--350},
 numpages = {6},
 doi = {10.1145/2333660.2333737},
 acmid = {2333737},
 publisher = {ACM},
 address = {New York, NY, USA},
 keywords = {energy efficiency, heterogeneous multi-core, scheduling},
}

@inproceedings{ghasemzadeh2012,
 author = {Ghasemzadeh, Hassan and Amini, Navid and Sarrafzadeh, Majid},
 title = {Energy-efficient signal processing in wearable embedded systems: an optimal feature selection approach},
 booktitle = {Proceedings of the 2012 ACM/IEEE international symposium on Low power electronics and design},
 series = {ISLPED '12},
 year = {2012},
 isbn = {978-1-4503-1249-3},
 location = {Redondo Beach, California, USA},
 pages = {357--362},
 numpages = {6},
 doi = {10.1145/2333660.2333739},
 acmid = {2333739},
 publisher = {ACM},
 address = {New York, NY, USA},
 keywords = {activity recognition, embedded signal processing, feature selection, power optimization, wearable monitoring},
} 

@INPROCEEDINGS{ayoub2011, 
author={Ayoub, R. and Ogras, U. and Gorbatov, E. and Yanqin Jin and Kam, T. and Diefenbaugh, P. and Rosing, T.}, 
booktitle={Low Power Electronics and Design (ISLPED) 2011 International Symposium on}, title={OS-level power minimization under tight performance constraints in general purpose systems}, 
year={2011}, 
pages={321-326}, 
keywords={Linux;multiprocessing systems;power aware computing;DVFS algorithm;Linux;OS-level power minimization;first order control parameter;general purpose systems;real Intel Westmere platform;tight performance constraints;Clocks;Equations;Frequency control;Mathematical model;Scalability;Sockets;Time frequency analysis;DVFS;Multiprocessor;Operating system;Performance;Power}, 
doi={10.1109/ISLPED.2011.5993657}, 
ISSN={Pending},}

@article{aydin2011,
  author    = {Nursen Aydin and
               Mehmet Karaca and
               {\"O}zg{\"u}r Er\c{c}etin},
  title     = {Energy-Optimal Scheduling in Low Duty Cycle Sensor Networks},
  journal   = {CoRR},
  volume    = {abs/1103.3616},
  year      = {2011},
  ee        = {http://arxiv.org/abs/1103.3616},
  bibsource = {DBLP, http://dblp.uni-trier.de}
}

@inproceedings{g2010,
 author = {Baek, Woongki and Chilimbi, Trishul M.},
 title = {Green: a framework for supporting energy-conscious programming using controlled approximation},
 booktitle = {Proceedings of the 2010 ACM SIGPLAN conference on Programming language design and implementation},
 series = {PLDI '10},
 year = {2010},
 isbn = {978-1-4503-0019-3},
 location = {Toronto, Ontario, Canada},
 pages = {198--209},
 numpages = {12},
 doi = {10.1145/1806596.1806620},
 acmid = {1806620},
 publisher = {ACM},
 address = {New York, NY, USA},
 keywords = {controlled approximation, energy-conscious programming},
} 

@inproceedings{zhang2010,
 author = {Zhang, Lide and Tiwana, Birjodh and Qian, Zhiyun and Wang, Zhaoguang and Dick, Robert P. and Mao, Zhuoqing Morley and Yang, Lei},
 title = {Accurate online power estimation and automatic battery behavior based power model generation for smartphones},
 booktitle = {Proceedings of the eighth IEEE/ACM/IFIP international conference on Hardware/software codesign and system synthesis},
 series = {CODES/ISSS '10},
 year = {2010},
 isbn = {978-1-60558-905-3},
 location = {Scottsdale, Arizona, USA},
 pages = {105--114},
 numpages = {10},
 doi = {10.1145/1878961.1878982},
 acmid = {1878982},
 publisher = {ACM},
 address = {New York, NY, USA},
 keywords = {battery, mobile phones, power modeling},
}

@INPROCEEDINGS{borkar2003, 
author={Borkar, S. and Karnik, T. and Narendra, S. and Tschanz, J. and Keshavarzi, A. and De, V.}, 
booktitle={Design Automation Conference, 2003. Proceedings}, title={Parameter variations and impact on circuits and microarchitecture}, 
year={2003}, 
pages={338-342}, 
keywords={VLSI;design for manufacture;microprocessor chips;parameter estimation;body bias;frequency bins;high performance design;microarchitecture;parameter variation;process variations;temperature variations;voltage variations;CMOS technology;Circuits;Frequency;Microarchitecture;Microcomputers;Microprocessors;Permission;Temperature;Very large scale integration;Voltage}, 
doi={10.1109/DAC.2003.1219020},}

@INPROCEEDINGS{gupta2003, 
author={Gupta, P. and Kahng, A.B.}, 
booktitle={Quality Electronic Design, 2003. Proceedings. Fourth International Symposium on}, title={Quantifying error in dynamic power estimation of CMOS circuits}, 
year={2003}, 
pages={273-278}, 
keywords={CMOS integrated circuits;error analysis;power consumption;CMOS circuits;UDSM power consumption;capacitive coupling;dynamic power estimation;power estimation;quantifying error;Capacitance;Circuit simulation;Computer errors;Coupling circuits;Crosstalk;Energy consumption;Frequency estimation;Integrated circuit interconnections;Switching circuits;Terminology}, 
doi={10.1109/ISQED.2003.1194745},}

@inproceedings{wanner2010,
 author = {Wanner, Lucas and Apte, Charwak and Balani, Rahul and Gupta, Puneet and Srivastava, Mani},
 title = {A case for opportunistic embedded sensing in presence of hardware power variability},
 booktitle = {Proceedings of the 2010 international conference on Power aware computing and systems},
 series = {HotPower'10},
 year = {2010},
 location = {Vancouver, BC, Canada},
 pages = {1--8},
 numpages = {8},
 acmid = {1924922},
 publisher = {USENIX Association},
 address = {Berkeley, CA, USA},
}

@INPROCEEDINGS{tinyos,
    author = {Philip Levis and Sam Madden and Joseph Polastre and Robert Szewczyk and Alec Woo and David Gay and Jason Hill and Matt Welsh and Eric Brewer and David Culler},
    title = {TinyOS: An operating system for sensor networks},
    booktitle = {Ambient Intelligence (AmI '04)},
    year = {2004},
    publisher = {Springer Verlag}
}

@inproceedings{contiki,
 author = {Dunkels, Adam and Gronvall, Bjorn and Voigt, Thiemo},
 title = {Contiki - A Lightweight and Flexible Operating System for Tiny Networked Sensors},
 booktitle = {Proceedings of the 29th Annual IEEE International Conference on Local Computer Networks},
 series = {LCN '04},
 year = {2004},
 isbn = {0-7695-2260-2},
 pages = {455--462},
 numpages = {8},
 doi = {10.1109/LCN.2004.38},
 acmid = {1034117},
 publisher = {IEEE Computer Society},
 address = {Washington, DC, USA},
}

@INPROCEEDINGS{teodorescu2008, 
author={Teodorescu, R. and Torrellas, J.}, 
booktitle={Computer Architecture, 2008. ISCA '08. 35th International Symposium on}, title={Variation-Aware Application Scheduling and Power Management for Chip Multiprocessors}, 
year={2008}, 
pages={363-374}, 
keywords={linear programming;multiprocessing systems;power aware computing;processor scheduling;Intel Foxton power management algorithm;LinOpt;chip multiprocessor;dynamic frequency scaling;dynamic voltage scaling;linear programming;power management;variation-aware application scheduling;Application software;Dynamic voltage scaling;Energy management;Frequency;Job shop scheduling;Linear programming;Processor scheduling;Scheduling algorithm;Technology management;Throughput;Process variation;application scheduling;power management}, 
doi={10.1109/ISCA.2008.40}, 
ISSN={1063-6897},}

@inproceedings{pant2010,
 author = {Pant, Aashish and Gupta, Puneet and van der Schaar, Mihaela},
 title = {Software adaptation in quality sensitive applications to deal with hardware variability},
 booktitle = {Proceedings of the 20th symposium on Great lakes symposium on VLSI},
 series = {GLSVLSI '10},
 year = {2010},
 isbn = {978-1-4503-0012-4},
 location = {Providence, Rhode Island, USA},
 pages = {85--90},
 numpages = {6},
 doi = {10.1145/1785481.1785501},
 acmid = {1785501},
 publisher = {ACM},
 address = {New York, NY, USA},
 keywords = {adaptation, hardware software interface, variability},
}

@INPROCEEDINGS{matsuda2006, 
author={Matsuda, T. and Takeuchi, T. and Yoshino, H. and Ichien, M. and Mikami, S. and Kawaguchi, H. and Ohta, C. and Yoshimoto, M.}, 
booktitle={Communications and Electronics, 2006. ICCE '06. First International Conference on}, title={A Power-Variation Model for Sensor Node and the Impact against Life Time of Wireless Sensor Networks}, 
year={2006}, 
pages={106-111}, 
keywords={access protocols;routing protocols;wireless sensor networks;QualNet;analytical modeling;microprocessor;network protocols;optimization;performance analysis;power-variation model;sensor node;threshold-voltage variation;wireless sensor networks life time;Computer aided manufacturing;Manufacturing processes;Media Access Protocol;Microprocessors;Performance analysis;Power system modeling;Radio frequency;Routing protocols;TV;Wireless sensor networks;Analytical modeling;Sensor networks;optimization;performance analysis;simulation}, 
doi={10.1109/CCE.2006.350835},}

@INPROCEEDINGS{garg2007, 
author={Garg, Siddharth and Marculescu, D.}, 
booktitle={Hardware/Software Codesign and System Synthesis (CODES+ISSS), 2007 5th IEEE/ACM/IFIP International Conference on}, title={On the impact of manufacturing process variations on the lifetime of sensor networks}, 
year={2007}, 
pages={203-208}, 
keywords={low-power electronics;quality of service;telecommunication network reliability;wireless sensor networks;leakage power dissipation;low power design technique;low-throughput applications;manufacturing process variation;network deployment;network lifetime;quality-of-service;sub-threshold voltage design;wireless sensor network;Batteries;Computational modeling;Cost function;Logic gates;Manufacturing processes;Markov processes;Power dissipation;Sensor networks;leakage power variability;lifetime;manufacturing process variations},}

@INPROCEEDINGS{sun2012, 
author={Yuwen Sun and Wanner, L. and Srivastava, M.}, 
booktitle={Green Computing Conference (IGCC), 2012 International}, title={Low-cost estimation of sub-system power}, 
year={2012}, 
pages={1-10}, 
keywords={multiprocessing systems;operating systems (computers);performance evaluation;power aware computing;power measurement;random-access storage;real-time systems;sensors;CPU;DiPART;Intel Atom-based node cluster;RAM;disaggregated power analysis in real time;disk power measurements;energy adaptation;energy optimization;estimation error reduction;event counters;low-cost subsystem power estimation;operating systems;performance counters;real-time fine-grained power consumption information;subsystem power consumption estimation;subsystem power measurements;system-wide power sensor;Adaptation models;Estimation;Power demand;Power measurement;Radiation detectors;Random access memory;adaptive model;linear model;performance (event) counter;power estimation;subsystem power disaggregation}, 
doi={10.1109/IGCC.2012.6322270},}

@article{singh2009,
 author = {Singh, Karan and Bhadauria, Major and McKee, Sally A.},
 title = {Real time power estimation and thread scheduling via performance counters},
 journal = {SIGARCH Comput. Archit. News},
 issue_date = {May 2009},
 volume = {37},
 number = {2},
 month = jul,
 year = {2009},
 issn = {0163-5964},
 pages = {46--55},
 numpages = {10},
 doi = {10.1145/1577129.1577137},
 acmid = {1577137},
 publisher = {ACM},
 address = {New York, NY, USA},
} 

@inproceedings{appscope,
 author = {Yoon, Chanmin and Kim, Dongwon and Jung, Wonwoo and Kang, Chulkoo and Cha, Hojung},
 title = {AppScope: application energy metering framework for android smartphones using kernel activity monitoring},
 booktitle = {Proceedings of the 2012 USENIX conference on Annual Technical Conference},
 series = {USENIX ATC'12},
 year = {2012},
 location = {Boston, MA},
 pages = {36--36},
 numpages = {1},
 acmid = {2342857},
 publisher = {USENIX Association},
 address = {Berkeley, CA, USA},
} 

@ARTICLE{liu1994, 
author={Liu, J. W -S and Wei-Kuan Shih and Kwei-Jay Lin and Bettati, R. and Chung, J. -Y}, 
journal={Proceedings of the IEEE}, title={Imprecise computations}, 
year={1994}, 
volume={82}, 
number={1}, 
pages={83-94}, 
keywords={fault tolerant computing;real-time systems;scheduling;uncertainty handling;architectural framework;fault tolerance;imprecise computation technique;real-time systems;time-critical task;transient overload;Computational modeling;Computer science;Control systems;Fault tolerance;Fault tolerant systems;Real time systems;Scheduling algorithm;Target tracking;Time factors;Timing}, 
doi={10.1109/5.259428}, 
ISSN={0018-9219},}

@INPROCEEDINGS{wanner2011, 
author={Wanner, L. and Balani, R. and Zahedi, S. and Apte, C. and Gupta, P. and Srivastava, M.}, 
booktitle={Design, Automation Test in Europe Conference Exhibition (DATE), 2011}, title={Variability-aware duty cycle scheduling in long running embedded sensing systems}, 
year={2011}, 
pages={1-6}, 
keywords={embedded systems;microprocessor chips;semiconductor technology;embedded processors;long running embedded sensing systems;quality of service;semiconductor technology;temperature-dependent leakage power variability;variability-aware duty cycle scheduling;Batteries;Power demand;Program processors;Schedules;Sensors;Temperature distribution;Temperature measurement}, 
doi={10.1109/DATE.2011.5763031}, 
ISSN={1530-1591},}

@inproceedings{balaji2012,
 author = {Balaji, Bharathan and McCullough, John and Gupta, Rajesh K. and Agarwal, Yuvraj},
 title = {Accurate characterization of the variability in power consumption in modern mobile processors},
 booktitle = {Proceedings of the 2012 USENIX conference on Power-Aware Computing and Systems},
 series = {HotPower'12},
 year = {2012},
 location = {Hollywood, CA},
 pages = {8--8},
 numpages = {1},
 acmid = {2387877},
 publisher = {USENIX Association},
 address = {Berkeley, CA, USA},
} 
