@inproceedings{cong2012,
 author = {Cong, Jason and Yuan, Bo},
 title = {Energy-efficient scheduling on heterogeneous multi-core architectures},
 booktitle = {Proceedings of the 2012 ACM/IEEE international symposium on Low power electronics and design},
 series = {ISLPED '12},
 year = {2012},
 isbn = {978-1-4503-1249-3},
 location = {Redondo Beach, California, USA},
 pages = {345--350},
 numpages = {6},
 doi = {10.1145/2333660.2333737},
 acmid = {2333737},
 publisher = {ACM},
 address = {New York, NY, USA},
 keywords = {energy efficiency, heterogeneous multi-core, scheduling},
}

@Misc{varemu,
	author = "{VarEMU Project}",
	title = "An emulation testbed for Variability-Aware Software",
	howpublished = "https://github.com/nesl/varemu",
	year = 2013
}

@inproceedings{ghasemzadeh2012,
 author = {Ghasemzadeh, H. and Amini, N. and Sarrafzadeh, M.},
 title = {Energy-efficient signal processing in wearable embedded systems: an optimal feature selection approach},
 booktitle = {Proc. ISLPED},
 year = {2012},
 isbn = {978-1-4503-1249-3},
 location = {Redondo Beach, California, USA},
 pages = {357--362},
 numpages = {6},
 acmid = {2333739},
 publisher = {ACM},
 keywords = {activity recognition, embedded signal processing, feature selection, power optimization, wearable monitoring},
} 
% doi = {10.1145/2333660.2333739},
% address = {New York, NY, USA},
%ACM/IEEE Intl. Symposium on Low power electronics and design},
% series = { '12},

@INPROCEEDINGS{ayoub2011, 
author={Ayoub, R. and Ogras, U. and Gorbatov, E. and Yanqin Jin and Kam, T. and Diefenbaugh, P. and Rosing, T.}, 
booktitle={Low Power Electronics and Design (ISLPED) 2011 International Symposium on}, title={OS-level power minimization under tight performance constraints in general purpose systems}, 
year={2011}, 
pages={321-326}, 
keywords={Linux;multiprocessing systems;power aware computing;DVFS algorithm;Linux;OS-level power minimization;first order control parameter;general purpose systems;real Intel Westmere platform;tight performance constraints;Clocks;Equations;Frequency control;Mathematical model;Scalability;Sockets;Time frequency analysis;DVFS;Multiprocessor;Operating system;Performance;Power}, 
doi={10.1109/ISLPED.2011.5993657}, 
ISSN={Pending},}

@article{aydin2011,
  author    = {Nursen Aydin and
               Mehmet Karaca and
               {\"O}zg{\"u}r Er\c{c}etin},
  title     = {Energy-Optimal Scheduling in Low Duty Cycle Sensor Networks},
  journal   = {CoRR},
  volume    = {abs/1103.3616},
  year      = {2011},
  ee        = {http://arxiv.org/abs/1103.3616},
  bibsource = {DBLP, http://dblp.uni-trier.de}
}

@article{green2010,
 author = {Baek, W. and Chilimbi, T. M.},
 title = {Green: a framework for supporting energy-conscious programming using controlled approximation},
 journal = {SIGPLAN Not.},
 issue_date = {June 2010},
 volume = {45},
 number = {6},
 month = jun,
 year = {2010},
 issn = {0362-1340},
 pages = {198--209},
 numpages = {12},
 acmid = {1806620},
 publisher = {ACM},
 address = {New York, NY, USA},
 keywords = {controlled approximation, energy-conscious programming},
} 
% url = {http://doi.acm.org/10.1145/1809028.1806620},
% doi = {10.1145/1809028.1806620},


@inproceedings{zhang2010,
 author = {Zhang, L. and Tiwana, B. and Qian, Z. and Wang, Z. and Dick, R. P. and Mao, Z. M. and Yang, L.},
 title = {Accurate online power estimation and automatic battery behavior based power model generation for smartphones},
 booktitle = {Proc. Intl. Conf. on Hardware/software codesign and system synthesis},
 series = {CODES/ISSS '10},
 year = {2010},
 isbn = {978-1-60558-905-3},
 location = {Scottsdale, Arizona, USA},
 pages = {105--114},
 numpages = {10},
 acmid = {1878982},
 publisher = {ACM},
 address = {New York, NY, USA},
 keywords = {battery, mobile phones, power modeling},
}
% doi = {10.1145/1878961.1878982},


@INPROCEEDINGS{gupta2003, 
author={Gupta, P. and Kahng, A. B.}, 
booktitle={Proc. Intl. Symposium on Quality Electronic Design }, 
title={Quantifying error in dynamic power estimation of CMOS circuits}, 
year={2003}, 
pages={273-278}, 
keywords={CMOS integrated circuits;error analysis;power consumption;CMOS circuits;UDSM power consumption;capacitive coupling;dynamic power estimation;power estimation;quantifying error;Capacitance;Circuit simulation;Computer errors;Coupling circuits;Crosstalk;Energy consumption;Frequency estimation;Integrated circuit interconnections;Switching circuits;Terminology}, 
}
%doi={10.1109/ISQED.2003.1194745},

@inproceedings{contiki,
 author = {Dunkels, A. and Gronvall, B. and Voigt, T.},
 title = {Contiki - A Lightweight and Flexible Operating System for Tiny Networked Sensors},
 booktitle = {Proc. IEEE Intl. Conference on Local Computer Networks},
 series = {LCN '04},
 year = {2004},
 isbn = {0-7695-2260-2},
 pages = {455--462},
 numpages = {8},
 acmid = {1034117},
 publisher = {IEEE Computer Society},
 address = {Washington, DC, USA},
}
% doi = {10.1109/LCN.2004.38},



@INPROCEEDINGS{teodorescu2008, 
author={Teodorescu, R. and Torrellas, J.}, 
booktitle={Computer Architecture, 2008. ISCA '08. 35th International Symposium on}, title={Variation-Aware Application Scheduling and Power Management for Chip Multiprocessors}, 
year={2008}, 
pages={363-374}, 
keywords={linear programming;multiprocessing systems;power aware computing;processor scheduling;Intel Foxton power management algorithm;LinOpt;chip multiprocessor;dynamic frequency scaling;dynamic voltage scaling;linear programming;power management;variation-aware application scheduling;Application software;Dynamic voltage scaling;Energy management;Frequency;Job shop scheduling;Linear programming;Processor scheduling;Scheduling algorithm;Technology management;Throughput;Process variation;application scheduling;power management}, 
doi={10.1109/ISCA.2008.40}, 
ISSN={1063-6897},}

@inproceedings{pant2010,
 author = {Pant, Aashish and Gupta, Puneet and van der Schaar, Mihaela},
 title = {Software adaptation in quality sensitive applications to deal with hardware variability},
 booktitle = {Proceedings of the 20th symposium on Great lakes symposium on VLSI},
 series = {GLSVLSI '10},
 year = {2010},
 isbn = {978-1-4503-0012-4},
 location = {Providence, Rhode Island, USA},
 pages = {85--90},
 numpages = {6},
 doi = {10.1145/1785481.1785501},
 acmid = {1785501},
 publisher = {ACM},
 address = {New York, NY, USA},
 keywords = {adaptation, hardware software interface, variability},
}

@INPROCEEDINGS{matsuda2006, 
author={Matsuda, T. and Takeuchi, T. and Yoshino, H. and Ichien, M. and Mikami, S. and Kawaguchi, H. and Ohta, C. and Yoshimoto, M.}, 
booktitle={Intl. Conf. on Communications and Electronics}, 
series={ICCE '06},
title={A Power-Variation Model for Sensor Node and the Impact against Life Time of Wireless Sensor Networks}, 
year={2006}, 
pages={106-111}, 
keywords={access protocols;routing protocols;wireless sensor networks;QualNet;analytical modeling;microprocessor;network protocols;optimization;performance analysis;power-variation model;sensor node;threshold-voltage variation;wireless sensor networks life time;Computer aided manufacturing;Manufacturing processes;Media Access Protocol;Microprocessors;Performance analysis;Power system modeling;Radio frequency;Routing protocols;TV;Wireless sensor networks;Analytical modeling;Sensor networks;optimization;performance analysis;simulation}, 
}
%doi={10.1109/CCE.2006.350835},

@INPROCEEDINGS{sun2012, 
author={Y. Sun and Wanner, L. and Srivastava, M.}, 
booktitle={Proc. Green Computing Conference (IGCC)}, title={Low-cost estimation of sub-system power}, 
year={2012}, 
pages={1-10}, 
keywords={multiprocessing systems;operating systems (computers);performance evaluation;power aware computing;power measurement;random-access storage;real-time systems;sensors;CPU;DiPART;Intel Atom-based node cluster;RAM;disaggregated power analysis in real time;disk power measurements;energy adaptation;energy optimization;estimation error reduction;event counters;low-cost subsystem power estimation;operating systems;performance counters;real-time fine-grained power consumption information;subsystem power consumption estimation;subsystem power measurements;system-wide power sensor;Adaptation models;Estimation;Power demand;Power measurement;Radiation detectors;Random access memory;adaptive model;linear model;performance (event) counter;power estimation;subsystem power disaggregation}, 
}
%doi={10.1109/IGCC.2012.6322270},

@article{singh2009,
 author = {Singh, K. and Bhadauria, M. and McKee, S. A.},
 title = {Real time power estimation and thread scheduling via performance counters},
 journal = {SIGARCH Comput. Archit. News},
 issue_date = {May 2009},
 volume = {37},
 number = {2},
 month = jul,
 year = {2009},
 issn = {0163-5964},
 pages = {46--55},
 numpages = {10},
 acmid = {1577137},
 publisher = {ACM},
 address = {New York, NY, USA},
} 
% doi = {10.1145/1577129.1577137},

@inproceedings{appscope,
 author = {Yoon, C. and Kim, D. and Jung, W. and Kang, C. and Cha, H.},
 title = {AppScope: application energy metering framework for android smartphones using kernel activity monitoring},
 booktitle = {Proc. USENIX conference on Annual Technical Conference},
 series = {USENIX ATC'12},
 year = {2012},
 location = {Boston, MA},
 pages = {36--36},
 numpages = {1},
 acmid = {2342857},
 publisher = {USENIX Association},
 address = {Berkeley, CA, USA},
} 

@inproceedings{balaji2012,
 author = {Balaji, B. and McCullough, J. and Gupta, R. K. and Agarwal, Y.},
 title = {Accurate characterization of the variability in power consumption in modern mobile processors},
 booktitle = {Proc. USENIX conference on Power-Aware Computing and Systems},
 series = {HotPower'12},
 year = {2012},
 location = {Hollywood, CA},
 pages = {8--8},
 numpages = {1},
 acmid = {2387877},
 publisher = {USENIX Association},
 address = {Berkeley, CA, USA},
} 

@inproceedings{ITRS,
 author = {ITRS},
 title = {The International Technology Roadmap for Semiconductors},
 booktitle = {},
 series = {},
 year = {2010},
 location = {},
 pages = {},
 numpages = {},
 acmid = {},
 publisher = {},
 address = {},
 url={http://www.itrs.net},
} 

@inproceedings{qemu,
 author = {Bellard, F.},
 title = {QEMU, a fast and portable dynamic translator},
 booktitle = {Proc. USENIX Annual Technical Conference},
 series = {ATEC '05},
 year = {2005},
 location = {Anaheim, CA},
 pages = {41--41},
 numpages = {1},
 acmid = {1247401},
 publisher = {USENIX Association},
 address = {Berkeley, CA, USA},
} 

@misc{freertos,
  author = "{FreeRTOS Project}",
  title = "FreeRTOS",
  howpublished = "\url{http://www.freertos.org}",
  year = {2013}, 
}

@misc{nlopt,
author = "{NLopt Project}",
title = "NLopt",
howpublished = "\url{http://ab-initio.mit.edu/wiki/index.php/NLopt}",
year = {2013},
}

