@string{dac = "Proc. ACM/IEEE Design Automation Conference"}
@string{cicc = "Proc. IEEE Custom Integrated Circuits Conference"}
@string{iccad = "Proc. IEEE/ACM International Conference on Computer-Aided Design"}
@string{tcad = "IEEE Transactions on Computer-Aided Design of Integrated Circuits and Systems"}
@string{tcomp = "IEEE Transactions on Computers"}
@string{dtc = "IEEE Design and Test of Computers"}
@string{ispd = "ACM International Symposium on Physical Design"}
@string{dfm&y = "IEEE International Workshop on Design for Manufacturibility and
Yield"}
@string{iccd = "Proc. IEEE International Conference on Computer Design"}
@string{isqed = "IEEE International Symposium on Quality Electronic Design"}
@string{isscc = "Proc. IEEE International Solid State Circuits Conference"}
@string{aspdac = "Proc. Asia and South Pacific Design Automation Conference"}
@string{vlsi = "Proc. IEEE/ACM International Conference on VLSI Design"}
@string{spie_pi = "Proc. SPIE Conference on Design and Process Integration for Microelectronic Manufacturing"}
@string{spie_dfm = "Proc. SPIE Conference on Design for Manufacturability through Design-Process Integration"}
@string{bacus = "SPIE/BACUS Symposium on Photomask Technology and Management"}
@string{spie_litho1 = "SPIE Microlithography"}
@string{spie_litho2 = "SPIE Advanced Lithography"}
@string{spie_photo = "SPIE Photomask and NGL Mask Technology"}
@string{spieJ = "SPIE Journal of Microlithography, Microfabrication and Microsystems"}
@string{iedm = "IEEE International Electron Devices Meeting"}
@string{iwls = "International Workshop on Logic and Synthesis"}
@string{photojapan = "SPIE Symposium on Photomask and Next Generation Lithography Mask Technology, Japan"}
@string{isca = "International Symposium on Computer Architecture"}
@string{itc = "Proc. IEEE International Test Conference"}
@string{vts = "IEEE VLSI Test Symposium"}
@string{date = "IEEE/ACM Design, Automation and Test in Europe"}
@string{tau = "ACM International Workshop on Timing Issues in the Specification and Synthesis of Digital Systems"}
@string{vlsi-soc = "Proc. IFIP/IEEE International Conference on Very Large Scale
Integration System-on-Chip"}
@string{socc = "Proc. IFIP/IEEE International Conference on Very Large Scale Integration System-on-Chip"}
@string{glsvlsi = "ACM Great Lakes Symposium on Very Large Scale Integration"}
@string{micro = "IEEE Computer Society Technical Committee on Microprogramming and Microarchitecture"}
@string{jssc = "IEEE Journal of Solid State Circuits"}
@string{todaes = "ACM Transactions on Design Automation of Electronic Systems"}
@string{tvlsi = "IEEE Transactions on Very Large Scale Integration Systems"}
@string{cacm = "Communication of the ACM"}
@string{ieee = "Proc. of the IEEE"}
@string{spectrum = "IEEE Spectrum"}
@string{tsm = "IEEE Transactions on Semiconductor Manufacturing"}
@string{ted = "IEEE Transactions on Electronic Devices"}
@string{jm3 = "SPIE Journal of Micro/Nanolithography, MEMS and MOEMS (JM3)"}

@ARTICLE{Agarwal:2005, 
author={Agarwal, A. and Paul, B. C. and Mukhopadhyay, S. and Roy, K.}, 
journal={ IEEE J. Solid-State Circuits}, 
title={Process variation in embedded memories: failure analysis and variation aware architecture}, 
year={2005},  
volume={40}, 
number={9}, 
pages={ 1804--1814}}

@InProceedings{leap,
 author = {McIntire, D. and Ho, K. and Yip, B. and Singh, A. and Wu, W. and Kaiser, W. J.},	title = "The low power energy aware processing {(LEAP)} embedded networked sensor system",
	booktitle = {Proc. IPSN},
	year = "2006",
	isbn = "1-59593-334-4",
	pages = "449--457",
	location = "Nashville, Tennessee, USA",
}
%	doi = "http://doi.acm.org/10.1145/1127777.1127846"



@InProceedings{Lachenmann,
	author = "A. Lachenmann and P. Marr{\'o}n and D. Minder and K. Rothermel",
	title = "Meeting lifetime goals with energy levels",
 booktitle = "Proc. Intl. Conf. on Embedded networked sensor systems (SenSys)",
	year = "2007",
 pages = "131--144",
	isbn = "978-1-59593-763-6",
	location = "Sydney, Australia",
}
%	doi = "http://doi.acm.org/10.1145/1322263.1322277"

@Misc{ncdc,
	author = "U.S. Climate Reference Network (USCRN)",
	title = "Hourly temperature data",
	howpublished = "www.ncdc.noaa.gov/crn/",
	year = 2012
}

@INPROCEEDINGS{Chan:2012, 
author={T.-B. Chan and Gupta, P. and Kahng, A. B. and L. Lai}, 
booktitle={International Symposium on Quality Electronic Design}, 
series={ISQED'12},
title={{DDRO}: A novel performance monitoring methodology based on design-dependent ring oscillators}, 
year={2012}, 
pages={633-640}, 
keywords={CMOS integrated circuits;design for manufacture;oscillators;CMOS technology;DDRO;circuit performance;delay estimation method;design turnaround time;design-dependent ring oscillators;performance monitoring methodology;schedule impact;standard library gates;timing margin;Circuit optimization;Delay estimation;Logic gates;Manufacturing;Monitoring;Sensitivity;circuit performance monitoring;design for manufacturing;ring oscillators}, 
ISSN={1948-3287},}
%doi={10.1109/ISQED.2012.6187559}, 


@article{Veendrick84,
  title={Short-circuit dissipation of static CMOS circuitry and its impact on the design of buffer circuits},
  author={Veendrick, H. J. M. },
  journal={IEEE J. of Solid-State Circuits},
  volume={19},
  number={4},
  pages={468--473},
  year={1984},
  publisher={IEEE}
}

@book{RabaeyCN96,
  title={Digital integrated circuits},
  author={Rabaey, Jan M and Chandrakasan, Anantha P and Nikolic, Borivoje},
  volume={996},
  year={1996},
  publisher={Prentice-Hall}
}

@article{KimAB03,
  title={Leakage current: Moore's law meets static power},
  author={Kim, N. S. and Austin, T. and Baauw, D and Mudge, T and Flautner, K and Hu, J S and Irwin, M J and Kandemir, M and Narayanan, V},
  journal={Computer},
  volume={36},
  number={12},
  pages={68--75},
  year={2003},
  publisher={IEEE}
}


@book{ChandrakasanAB00,
  title={Design of high-performance microprocessor circuits},
  author={Chandrakasan, Anantha P and Bowhill, William J and Fox, Frank},
  year={2000},
  publisher={Wiley-IEEE Press}
}

@inproceedings{ChanSG11,
  title={On the efficacy of nbti mitigation techniques},
  author={Chan, Tuck-Boon and Sartori, John and Gupta, Puneet and Kumar, Rakesh},
  booktitle={DATE},
  year={2011},
}

@article{SakuraiN90,
  title={Alpha-power law MOSFET model and its applications to CMOS inverter delay and other formulas},
  author={Sakurai, Takayasu and Newton, A Richard},
  journal={IEEE J. of Solid-State Circuits},
  volume={25},
  number={2},
  pages={584--594},
  year={1990},
  publisher={IEEE}
}

@INPROCEEDINGS{BhardwajWV06, 
author={Bhardwaj, S. and Wenping W. and Vattikonda, R. and Yu Cao and Vrudhula, S.}, 
booktitle={IEEE Custom Integrated Circuits Conference},
series={CICC'06},
title={Predictive Modeling of the NBTI Effect for Reliable Design}, 
year={2006}, 
pages={189-192}, 
keywords={MOSFET;circuit stability;semiconductor device models;semiconductor device reliability;thermal stability;90 nm;NBTI effect;PMOS;closed form expression;design parameter;diffusing species;multiple cycle dynamic operation;negative bias temperature instability;oxide thickness;predictive modeling;reaction-diffusion mechanism;threshold voltage change;Circuit simulation;Degradation;Hydrogen;MOSFETs;Negative bias temperature instability;Niobium compounds;Predictive models;Stress;Threshold voltage;Titanium compounds}, 
}

%doi={10.1109/CICC.2006.320885},



@INPROCEEDINGS{WangYB07, 
author={W. Wang and S. Yang and Bhardwaj, S. and Vattikonda, R. and Vrudhula, S. and Liu, T. and Y. Cao}, 
booktitle={Proc. DAC}, 
title={The Impact of NBTI on the Performance of Combinational and Sequential Circuits}, 
year={2007}, 
pages={364-369}, 
keywords={combinational circuits;integrated circuit design;integrated circuit reliability;logic design;network topology;sequential circuits;circuit performance degradation;circuit topology;combinational circuit;negative-bias-temperature-instability;sequential circuit;Circuit optimization;Degradation;Niobium compounds;Performance analysis;Sequential circuits;Signal analysis;Switching circuits;Temperature;Titanium compounds;Voltage;Design;Experimentation;NBTI;Performance;Reliability;duty cycle;input pattern;performance degradation;speed;supply voltage;temperature}, 
ISSN={0738-100X},}
%series={DAC'07},


@inproceedings{Vattikonda06,
  title={Modeling and minimization of PMOS NBTI effect for robust nanometer design},
  author={Vattikonda, Rakesh and others},
  booktitle={Proceedings of the 43rd annual Design Automation Conference},
  pages={1047--1052},
  year={2006},
  organization={ACM}
}

@ARTICLE{ChenWC12, 
author={X. Chen and Y. Wang and Y. Cao and Y. Ma and H. Yang}, 
journal={IEEE T. Very Large Scale Integration (VLSI) Systems}, 
title={Variation-Aware Supply Voltage Assignment for Simultaneous Power and Aging Optimization}, 
year={2012}, 
volume={20}, 
number={11}, 
pages={2143-2147}, 
keywords={integrated circuit design;integrated circuit reliability;low-power electronics;NBTI-induced circuit delay degradation;aging optimization;aging-aware timing constraint;circuit designer;circuit power minimisation;energy saving;negative bias temperature instability;power consumption reduction;reliability concern;simultaneous power optimization;statistical platform;variation-aware supply voltage assignment;Degradation;Delay;Integrated circuit modeling;Leakage current;Negative bias temperature instability;Dynamic power;leakage power;negative bias temperature instability (NBTI);supply voltage assignment (SVA)}, 
ISSN={1063-8210},}
% doi={10.1109/TVLSI.2011.2168433},



@INPROCEEDINGS{Alippi:2007,
author={Alippi, C. and Anastasi, G. and Galperti, C. and Mancini, F. and Roveri, M.},
booktitle={IEEE Internatonal Conference on Mobile Adhoc and Sensor Systems (MASS) },
title={Adaptive Sampling for Energy Conservation in Wireless Sensor Networks for Snow Monitoring Applications},
year={2007},
month={oct.},
volume={},
number={},
pages={1 -6},
keywords={adaptive sampling;embedded sensor;energy conservation;snow monitoring;wireless sensor networks;geophysical techniques;intelligent sensors;snow;wireless sensor networks;},
ISSN={},}
%doi={10.1109/MOBHOC.2007.4428700},


@inproceedings{Rahimi:2012,
 author = {Rahimi, A. and Benini, L. and Gupta, R.},
 title = {Procedure hopping: a low overhead solution to mitigate variability in shared-L1 processor clusters},
 booktitle = {Proc. ACM/IEEE Intl. symposium on Low power electronics and design},
 series = {ISLPED '12},
  year = {2012},
 isbn = {978-1-4503-1249-3},
 location = {Redondo Beach, California, USA},
 numpages = {6},
 acmid = {2333754},
 keywords = {dynamic ir-drop, many-core, variability},
} 
% doi = {10.1145/2333660.2333754},
%  url = {http://doi.acm.org/10.1145/2333660.2333754},

@ARTICLE{Cho:2012, 
author={H. Cho and Leem, L. and Mitra, S}, 
journal={IEEE T. Computer-Aided Design of Integrated Circuits and Systems}, 
title={ERSA: Error Resilient System Architecture for Probabilistic Applications}, 
year={2012}, 
volume={31}, 
number={4}, 
pages={546-558}, 
keywords={SRAM chips;integrated circuit reliability;probability;Bayesian network inference;ERSA;LDPC decoding;SRAM;asymmetric reliability;configurable reliability;control flow errors;error injection;error resilient system architecture algorithm;high-order bit errors;intelligent software optimizations;k-means clustering;many-core architectures;multicore ERSA hardware prototype;redundancy techniques;robust system architecture;static memory errors;Computer architecture;Hardware;Instruction sets;Probabilistic logic;Reliability engineering;Resilience;Error resilience;hardware errors;probabilistic applications;reliability;robust systems}, 
ISSN={0278-0070},}
%doi={10.1109/TCAD.2011.2179038}, 


@article{Ansel:2009,
 author = {Ansel, Jason and Chan, Cy and Wong, Yee Lok and Olszewski, Marek and Zhao, Qin and Edelman, Alan and Amarasinghe, Saman},
 title = {PetaBricks: a language and compiler for algorithmic choice},
 journal = {SIGPLAN Not.},
 volume = {44},
 issue = {6},
 month = {June},
 year = {2009},
 issn = {0362-1340},
 pages = {38--49},
 numpages = {12},
 acmid = {1542481},
 publisher = {ACM},
 address = {New York, NY, USA},
 keywords = {adaptive, algorithmic choice, autotuning, compiler, implicitly parallel, language},
} 
% url = {http://doi.acm.org/10.1145/1543135.1542481},
% doi = {http://doi.acm.org/10.1145/1543135.1542481},

@Book{Arora:2007,
 author    = "Narain Arora",
 publisher = "World Scientific Publishing Company",
 title     = "Mosfet Modeling for VlSI Simulation: Theory And Practice",
 year      =  2007,
 isbn      = "981256862X"
}

@ARTICLE{Ayoub:2011,
author={Ayoub, R. and Indukuri, K. and Rosing, T.S.},
journal={Computer-Aided Design of Integrated Circuits and Systems, IEEE Transactions on},
title={Temperature Aware Dynamic Workload Scheduling in Multisocket CPU Servers},
year={2011},
month={sept. },
volume={30},
number={9},
pages={1359 -1372},
ISSN={0278-0070},}

@article{Baek:2010,
 author = {Baek, Woongki and Chilimbi, Trishul M.},
 title = {Green: a framework for supporting energy-conscious programming using controlled approximation},
 journal = {SIGPLAN Not.},
 volume = {45},
 issue = {6},
 month = {June},
 year = {2010},
 issn = {0362-1340},
 pages = {198--209},
 numpages = {12},
 acmid = {1806620},
 publisher = {ACM},
 address = {New York, NY, USA},
 keywords = {controlled approximation, energy-conscious programming},
} 
% url = {http://doi.acm.org/10.1145/1809028.1806620},
% doi = {http://doi.acm.org/10.1145/1809028.1806620},


@INPROCEEDINGS{Bathen:2012, 
author={Bathen, L. A. D. and Dutt, N. D. and Nicolau, A. and Gupta, P.}, 
booktitle={Design, Automation Test in Europe Conference  (DATE), 2012}, 
title={{VaMV}: Variability-aware Memory Virtualization}, 
year={2012}, 
pages={284-287}, 
keywords={DRAM chips;SRAM chips;power aware computing;resource allocation;virtual storage;DRAM power variability;SRAM voltage scaling;VaMV;VaMVisor;application address space;best-fitting memory resource;dynamic memory management module;dynamic policy-driven variability-aware memory allocation;dynamic power consumption reduction;execution time reduction;mapping policy;off-chip DRAM;on-chip SRAM;power consumption variability;variability-aware memory virtualization;virtual address region;Dynamic scheduling;Hardware;Memory management;Power demand;Random access memory;Resource management;System-on-a-chip}, 
ISSN={1530-1591},}
%doi={10.1109/DATE.2012.6176479}, 


@conference{Benson:2006,
    title={{Car-park management using wireless sensor networks}},
    author={Benson, J. P. and O'Donovan, T. and O'Sullivan, P. and Roedig, U. and Sreenan, C. and Barton, J. and Murphy, A. and O'Flynn, B.},
    booktitle={IEEE Conference on Local Computer
        Networks},
    pages={588--595},
    year={2006}
}

@ARTICLE{Bernstein:2006, 
author={Bernstein, K. and Frank, D.J. and Gattiker, A.E. and Haensch, W. and Ji, B.L. and Nassif, S.R. and Nowak, E.J. and Pearson, D.J. and Rohrer, N.J.}, 
journal={IBM Journal of Research and Development}, 
title={High-performance CMOS variability in the 65-nm regime and beyond}, 
year={2006}, 
volume={50}, 
number={4.5}, 
pages={433-449}, 
ISSN={0018-8646},}
%doi={10.1147/rd.504.0433}, 


@INPROCEEDINGS{Bhunia:2007,
author={S. Bhunia and S. Mukhopadhyay and K. Roy},
booktitle={20th International Conference on VLSI Design },
title={Process Variations and Process-Tolerant Design},
year={2007},
month={jan. },
volume={},
number={},
pages={699 -704},
keywords={CMOS technology;circuit parameters;logic circuits;logic design techniques;memory circuits;memory design techniques;nanometer scale;process parameter variations;process-tolerant design;sub-90nm process;CMOS digital integrated circuits;integrated circuit design;logic circuits;logic design;nanoelectronics;semiconductor storage;},
ISSN={1063-9667},}
%doi={10.1109/VLSID.2007.131},

@inproceedings{Borkar:2003,
 author = {Borkar, S. and Karnik, T. and Narendra, S. and Tschanz, J. and Keshavarzi, A. and De, V.},
 title = {Parameter variations and impact on circuits and microarchitecture},
 booktitle = {Proc. Design Automation Conf.},
 series = {DAC '03},
 year = {2003},
 isbn = {1-58113-688-9},
 location = {Anaheim, CA, USA},
 pages = {338--342},
 numpages = {5},
 acmid = {775920},
 publisher = {ACM},
 keywords = {body bias, high performance deisgn, parameter variation},
} 
% url = {http://doi.acm.org/10.1145/775832.775920},
% doi = {http://doi.acm.org/10.1145/775832.775920},
% address = {New York, NY, USA},



@Misc{BSIM,
	author = "{UC Berkeley Device Group}",
	title = "{BSIM}",
	url = "http://www-device.eecs.berkeley.edu/bsim/",
	year = 2013
}

@article{Bull:2011,
title = "A Power-Efficient 32 bit ARM Processor Using Timing-Error Detection and Correction for Transient-Error Tolerance and Adaptation to PVT Variation",
journal = "IEEE Journal of Solid-State Circuits",
volume = "46",
number = "1",
pages = "18--31",
year = "2011",
note = "",
issn = " 0018-9200",
author = "Bull, D. and  Das, S. and  Shivashankar, K.  and Dasika, G.S.  and Flautner, K.  and Blaauw, D. "
}

@article{Calimera:2010,
 author = {Calimera, Andrea and Bahar, R. Iris and Macii, Enrico and Poncino, Massimo},
 title = {Temperature-insensitive dual-Vth synthesis for nanometer CMOS technologies under inverse temperature dependence},
 journal = {IEEE Transactions on Very Large Scale Integration Systems},
 volume = {18},
 issue = {11},
 month = {11},
 year = {2010},
 issn = {1063-8210},
 pages = {1608--1620},
} 

@INPROCEEDINGS{Cao:2002,
author={Cao, Y. and Gupta, P. and Kahng, A.B. and Sylvester, D. and Yang, J.},
booktitle={IEEE International ASIC/SOC Conference},
title={Design sensitivities to variability: extrapolations and assessments in nanometer VLSI},
year={2002},
month={sept.},
volume={},
number={},
pages={ 411 - 415},
keywords={ ITRS technology nodes; Monte-Carlo analysis; circuit performance; circuit simulation; design guardbanding; design sensitivity; device models; extrapolations; nanometer VLSI; parametric yields; process improvements; process metrics; process parameter correlations; process variation; process variation scaling; product value; return on investment; selling point; Monte Carlo methods; VLSI; circuit simulation; extrapolation; integrated circuit design; integrated circuit economics; integrated circuit modelling; integrated circuit yield; nanoelectronics; parameter estimation;},
ISSN={},}
%doi={10.1109/ASIC.2002.1158094},


@INPROCEEDINGS{Chakrapani:2006,
author={Chakrapani, L.N. and Akgul, B.E.S. and Cheemalavagu, S. and Korkmaz, P. and Palem, K.V. and Seshasayee, B.},
booktitle={Proceedings on the Conference on Design, Automation and Test in Europe (DATE)},
title={Ultra-Efficient (Embedded) SOC Architectures based on Probabilistic CMOS (PCMOS) Technology},
year={2006},
month={march},
volume={1},
number={},
pages={1 -6},
keywords={PCMOS based gains;PCMOS technology;PSOC architectures;application-architecture-technology;probabilistic CMOS technology;probabilistic system-on-a-chip architectures;ultra-efficient SOC architectures;CMOS integrated circuits;embedded systems;logic design;probability;system-on-chip;},
ISSN={},}
%doi={10.1109/DATE.2006.243978},


@ARTICLE{Chandra:2009, 
author={Chandra, S. and Lahiri, K. and Raghunathan, A. and Dey, S.}, 
journal={IEEE T. Very Large Scale Integration (VLSI) Systems}, 
title={Variation-Tolerant Dynamic Power Management at the System-Level}, 
year={2009}, 
volume={17}, 
number={9}, 
pages={1220-1232}, 
keywords={logic design;system-on-chip;ARM946 processor core model;chip-specific approach;design-specific approach;energy distribution;ideal oracle-based framework;nanoscale technologies;policy parameters;process variations;system-level power analysis;system-on-chip;timeout-based framework;variation-aware power management;variation-tolerant dynamic power management;Dynamic power management;process variations}, 
ISSN={1063-8210},}
%doi={10.1109/TVLSI.2009.2019803}, 


@inproceedings{Choi:2004,
 author = {Choi, S. H. and Paul, B. C. and Roy, K.},
 title = {Novel sizing algorithm for yield improvement under process variation in nanometer technology},
 booktitle = {Proc. Design Automation Conference},
 series = {DAC '04},
 year = {2004},
 isbn = {1-58113-828-8},
 location = {San Diego, CA, USA},
 pages = {454--459},
 numpages = {6},
 acmid = {996695},
 publisher = {ACM},
 keywords = {Algorithms, Performance, Design, Reliability},
} 
% address = {New York, NY, USA},
% url = {http://doi.acm.org/10.1145/996566.996695},
% doi = {http://doi.acm.org/10.1145/996566.996695},


@inproceedings{Choi:2007,
 author = {Choi, Jeonghwan and Cher, Chen-Yong and Franke, Hubertus and Hamann, Henrdrik and Weger, Alan and Bose, Pradip},
 title = {Thermal-aware task scheduling at the system software level},
 booktitle = {Proceedings of the 2007 international symposium on Low power electronics and design},
 series = {ISLPED '07},
 year = {2007},
 isbn = {978-1-59593-709-4},
 location = {Portland, OR, USA},
 pages = {213--218},
 numpages = {6},
 acmid = {1283826},
 publisher = {ACM},
 address = {New York, NY, USA},
 keywords = {low-power design, repeater insertion, temperature-aware design},
} 
% url = {http://doi.acm.org/10.1145/1283780.1283826},
% doi = {http://doi.acm.org/10.1145/1283780.1283826},


 

@INPROCEEDINGS{Datta:2005,
author={Datta, A. and Bhunia, S. and Mukhopadhyay, S. and Banerjee, N. and Roy, K.},
booktitle={Proc. Design, Automation and Test in Europe},
series={DATE'05},
title={Statistical modeling of pipeline delay and design of pipeline under process variation to enhance yield in sub-100nm technologies},
year={2005},
month={march},
volume={},
number={},
pages={ 926 - 931 Vol. 2},
keywords={ analytical models; area reduction; balanced design; delay distributions; logic depth; nanometer technology regime; pipeline delay; pipeline design; pipeline stage delay; pipeline yield estimation; pipelined circuit operating frequency; pipelined design; process variation; process yield; stage delays imbalance; statistical delay variation; statistical modeling; statistical optimal design methodology; target delay; yield constraint; circuit optimisation; delays; integrated circuit design; integrated circuit modelling; integrated circuit yield; logic design; parameter estimation; pipeline processing; statistical analysis;},
ISSN={1530-1591 },}

%doi={10.1109/DATE.2005.278},

@INPROCEEDINGS{Dighe:2010, 
author={Dighe, S. and Vangal, S. and Aseron, P. and Kumar, S. and Jacob, T. and Bowman, K. and Howard, J. and Tschanz, J. and Erraguntla, V. and Borkar, N. and De, V. and Borkar, S.}, 
booktitle={IEEE Solid-State Circuits Conference}, 
series={ISSCC'10},
title={Within-die variation-aware dynamic-voltage-frequency scaling core mapping and thread hopping for an 80-core processor}, 
year={2010}, 
pages={174-175}, 
keywords={multiprocessing systems;power aware computing;80-core processor;F?????? variation data;communication activity workloads;dynamic thread hopping scheme;dynamic voltage frequency scaling core mapping;energy efficiency;variation aware DVFS;Circuits;Clocks;Communication switching;Energy efficiency;Energy measurement;Network-on-a-chip;Performance gain;Rails;Voltage;Yarn}, 
ISSN={0193-6530},}

%doi={10.1109/ISSCC.2010.5433997}, 




@inproceedings{Dutta:2005,
 author = {Dutta, Prabal and Grimmer, Mike and Arora, Anish and Bibyk, Steven and Culler, David},
 title = {Design of a wireless sensor network platform for detecting rare, random, and ephemeral events},
 booktitle = {Proceedings of the 4th international symposium on Information processing in sensor networks},
 series = {IPSN '05},
 year = {2005},
 isbn = {0-7803-9202-7},
 location = {Los Angeles, California},
 articleno = {70},
 url = {http://dl.acm.org/citation.cfm?id=1147685.1147772},
 acmid = {1147772},
 publisher = {IEEE Press},
 address = {Piscataway, NJ, USA},
} 

@PhdThesis{Falaki:2012,
  author =       "Hossein Falaki",
  title =        "Automating Personalized Battery Management on Smartphones",
  school =       "UCLA",
  year =         "2012",
}

@INPROCEEDINGS{Ernst:2003, 
author={Ernst, D. and Nam Sung Kim and Das, S. and Pant, S. and Rao, R. and Pham, T. and Ziesler, C. and Blaauw, D and Austin, T. and Flautner, K. and Mudge, T.}, 
booktitle={Proc. IEEE/ACM International Symposium on Microarchitecture}, 
series={MICRO-36},
title={Razor: a low-power pipeline based on circuit-level timing speculation}, 
year={2003}, 
pages={7-18}, 
keywords={comparators (circuits);flip-flops;logic design;low-power electronics;pipeline processing;system-on-chip;timing circuits;0.18 microns;Razor;SPICE-level Kogge-Stone adder model;circuit delay;circuit timing errors;circuit-level timing speculation;clock frequencies;critical voltage;data dependence;double-samples pipeline stage;dymanic correction;dynamic detection;dynamic voltage scaling;embedded processors;environmental variations;error rate monitoring;error recovery;full-custom multiplier;low-power pipeline;maximum power savings;metastability-tolerant comparator;pipeline mispeculation recovery mechanism;power aware computing;process variations;program state;silicon integration;supply voltage;systems-on-chip design;time-borrowing delayed clock;voltage margins;Clocks;Delay;Dynamic voltage scaling;Error correction;Frequency;Pipelines;Silicon;Timing;Tuned circuits;Voltage control}, 
}
%doi={10.1109/MICRO.2003.1253179},


@article{Flinn:1999,
 author = {Flinn, Jason and Satyanarayanan, M.},
 title = {Energy-aware adaptation for mobile applications},
 journal = {SIGOPS Oper. Syst. Rev.},
 issue_date = {Dec. 1999},
 volume = {33},
 issue = {5},
 month = dec,
 year = {1999},
 issn = {0163-5980},
 pages = {48--63},
 numpages = {16},
 acmid = {319155},
 publisher = {ACM},
 address = {New York, NY, USA},
} 

% url = {http://doi.acm.org/10.1145/319344.319155},
% doi = {http://doi.acm.org/10.1145/319344.319155},


@Article{Frigo:2005,
  author = 	 {Frigo, Matteo and Johnson, Steven~G.},
  title = 	 {The Design and Implementation of {FFTW3}},
  journal = 	 {Proceedings of the IEEE},
  year = 	 2005,
  volume =	 93,
  number =	 2,
  pages =	 {216--231},
  note =	 {Special issue on ``Program Generation, Optimization, and Platform Adaptation''}
}




@inproceedings{garg2007,
 author = {Garg, S. and Marculescu, D.},
 title = {On the impact of manufacturing process variations on the lifetime of sensor networks},
 booktitle = {Proc. CODES+ISSS},
 year = {2007},
 isbn = {978-1-59593-824-4},
 location = {Salzburg, Austria},
 pages = {203--208},
 numpages = {6},
 acmid = {1289866},
 publisher = {ACM},
 keywords = {leakage power variability, lifetime, manufacturing process variations, sensor networks},
} 

% url = {http://doi.acm.org/10.1145/1289816.1289866},
% doi = {http://doi.acm.org/10.1145/1289816.1289866},
%Proc. IEEE/ACM Intl. Conf. on Hardware/Software Codesign and System Synthesis
% series = {'07},
% address = {New York, NY, USA},



@article{Golda:2004,
title = "Temperature influence on energy losses in MOSFET capacitors",
journal = "Microelectronics and Reliability",
volume = "44",
number = "7",
pages = "1115--1121",
year = "2004",
note = "",
issn = "0026-2714",
author = "A. Golda and A. Kos"
}
%doi = "DOI: 10.1016/j.microrel.2004.03.004",

@ARTICLE{Gregg:2007,
author={Gregg, J. and Chen, T.W.},
journal={IEEE Trans. on Very Large Scale Integration (VLSI) Systems},
title={Post Silicon Power/Performance Optimization in the Presence of Process Variations Using Individual Well-Adaptive Body Biasing},
year={2007},
month={march },
volume={15},
number={3},
pages={366 -376},
ISSN={1063-8210},}



@ARTICLE{Ghosh:2007, 
author={Ghosh, S. and Bhunia, S. and Roy, K.}, 
journal={IEEE Transactions on Computer-Aided Design of Integrated Circuits and Systems}, 
title={CRISTA: A New Paradigm for Low-Power, Variation-Tolerant, and Adaptive Circuit Synthesis Using Critical Path Isolation}, 
year={2007}, 
month={nov. }, 
volume={26}, 
number={11}, 
pages={1947 -1956}}


@ARTICLE{Gottscho:2011,
author={M. Gottscho and A.A. Kagalwalla and P. Gupta},
title={Power Variability in Contemporary DRAMs},
JOURNAL = {IEEE Embedded System Letters},
year= {2012 (to appear)},
}


@article {Gupta:2005,
   author = {Gupta, P. and Kahng, A. and Muddu, S.},
   affiliation = {UC San Diego Department of Electrical and Computer Engineering La Jolla CA USA},
   title = {Quantifying Error in Dynamic Power Estimation of CMOS Circuits},
   journal = {Analog Integrated Circuits and Signal Processing},
   publisher = {Springer Netherlands},
   issn = {0925-1030},
   keyword = {Engineering},
   pages = {253-264},
   volume = {42},
   issue = {3},
   note = {10.1007/s10470-005-6759-4},
   year = {2005}
}

%   url = {http://dx.doi.org/10.1007/s10470-005-6759-4},

@article{He:2006,
    title={{Achieving Real-time Target Tracking Using Wireless Sensor
        Networks}},
    publisher={IEEE Computer Society},
    journal ={IEEE Real-Time and Embedded Technology and Applications Symposium}  ,  
    author={He, T. and Vicaire, P. and Yan, T. and Luo, L. and Gu, L. and Zhou, G. and Stoleru, R. and Cao, Q. and Stankovic, J.A. and Abdelzaher, T.},
    year={2006}
}

@article{Hoffmann:2011,
 author = {Hoffmann, Henry and Sidiroglou, Stelios and Carbin, Michael and Misailovic, Sasa and Agarwal, Anant and Rinard, Martin},
 title = {Dynamic knobs for responsive power-aware computing},
 journal = {SIGARCH Comput. Archit. News},
 issue_date = {March 2011},
 volume = {39},
 issue = {1},
 month = mar,
 year = {2011},
 issn = {0163-5964},
 pages = {199--212},
 numpages = {14},
 acmid = {1950390},
 publisher = {ACM},
 address = {New York, NY, USA},
 keywords = {accuracy-aware computing, power-aware computing, self-aware systems},
} 

% url = {http://doi.acm.org/10.1145/1961295.1950390},
% doi = {http://doi.acm.org/10.1145/1961295.1950390},

@INPROCEEDINGS{Huang:2010,
        author={H. Huang and G. Quan and Fan, J.},
        booktitle={International Symposium on Quality Electronic Design (ISQED)}, 
        title={{Leakage temperature dependency modeling in system level
            analysis}},
        year={2010},
        volume={},
        number={},
        ISSN={1948-3287},
}
%        doi={10.1109/ISQED.2010.5450539},



@Article{ Jeong:2009,
	author = "K. Jeong and A.B. Kahng and K. Samadi",
	journal = {IEEE Trans. on Semiconductor Manufacturing},
	title = {{Impact of Guardband Reduction On Design Outcomes: A Quant.
        Approach}},
	year = "2009",
	volume = "22",
	number = "4",
	pages = "552--565",
	keywords = "65-nm libraries, 90-nm libraries, ARM-TSMC production libraries, EDA, IBM variation-aware timing methodology, design cycle time, design quality, dynamic power reduction, fine-grain SPICE simulations, foundries, implementation flow, industrial embedded processor core, layout restrictions, leakage power reduction, manufacturing-friendly IC design, model guardband reduction impact, open-source cores, quantitative method, relaxing process variation limits, routed wirelength reduction, semiconductor industry, standard-cell area reduction, technology roadmap, SPICE, cellular arrays, embedded systems, foundries, integrated circuit layout, integrated circuit manufacture, integrated circuit technology, program processors, semiconductor industry",
	ISSN = "0894-6507"
}
%	doi = "10.1109/TSM.2009.2031789",

@article{Kang:2006,
 author = {Kang, K. and Paul, B. C. and Roy, K.},
 title = {Statistical timing analysis using levelized covariance propagation considering systematic and random variations of process parameters},
 journal = {ACM Trans Des. Autom. Electron. Syst.},
 volume = {11},
 month = {Oct},
 year = {2006},
 issn = {1084-4309},
 pages = {848--879},
 numpages = {32},
 acmid = {1179464},
 publisher = {ACM},
 address = {New York, NY, USA},
 keywords = {Process variation, spatial correlation, statistical timing analysis},
} 

% url = {http://doi.acm.org/10.1145/1179461.1179464},
% doi = {http://doi.acm.org/10.1145/1179461.1179464},
% issue = {4},



@article{Kansal:2007,
 author = {Kansal, Aman and Hsu, Jason and Zahedi, Sadaf and Srivastava, Mani B.},
 title = {Power management in energy harvesting sensor networks},
 journal = {ACM Trans. Embed. Comput. Syst.},
 volume = {6},
 issue = {4},
 month = {9},
 year = {2007},
 issn = {1539-9087},
 articleno = {32},
 acmid = {1274870},
 publisher = {ACM},
 address = {New York, NY, USA},
 keywords = {Adaptive duty cycling, Heliomote, energy neutrality, lifetime, power management},
} 
% url = {http://doi.acm.org/10.1145/1274858.1274870},
% doi = {http://doi.acm.org/10.1145/1274858.1274870},



@inproceedings{Khandelwal:2007,
 author = {Khandelwal, V. and Srivastava, A.},
 title = {Variability-driven formulation for simultaneous gate sizing and post-silicon tunability allocation},
 booktitle = {Proc. Intl. symposium on Physical design},
 series = {ISPD '07},
 year = {2007},
 isbn = {978-1-59593-613-4},
 location = {Austin, Texas, USA},
 pages = {11--18},
 numpages = {8},
 acmid = {1232002},
 publisher = {ACM},
 address = {New York, NY, USA},
 keywords = {gate sizing, post-silicon tunability, stochastic optimization, timing optimization, variability},
} 

% url = {http://doi.acm.org/10.1145/1231996.1232002},
% doi = {http://doi.acm.org/10.1145/1231996.1232002},




@InProceedings{Lachenmann:2007,
 author = {Lachenmann, Andreas and Marr\'{o}n, Pedro Jos{\'e} and Minder, Daniel and Rothermel, Kurt},
 title = {Meeting lifetime goals with energy levels},
 booktitle = {Proceedings of the 5th international conference on Embedded networked sensor systems},
 series = {SenSys '07},
 year = {2007},
 isbn = {978-1-59593-763-6},
 location = {Sydney, Australia},
 pages = {131--144},
 numpages = {14},
 acmid = {1322277},
 publisher = {ACM},
 address = {New York, NY, USA},
 keywords = {energy, lifetime goal, programming abstraction, wireless sensor network},
} 
% url = {http://doi.acm.org/10.1145/1322263.1322277},
% doi = {http://doi.acm.org/10.1145/1322263.1322277},



@INPROCEEDINGS{Leem:2010,
author={Leem, L. and Hyungmin Cho and Bau, J. and Jacobson, Q.A. and Mitra, S.},
booktitle={Design, Automation Test in Europe Conference Exhibition (DATE), 2010},
title={ERSA: Error Resilient System Architecture for probabilistic applications},
year={2010},
month={march},
volume={},
number={},
pages={1560 -1565},
keywords={Bayesian networks;ERSA;K-means clustering;LDPC decoding;RMS;asymmetric reliability;error resilient system architecture;intelligent software optimizations;probabilistic applications;recognition mining and synthesis;redundancy techniques;belief networks;data mining;hardware-software codesign;optimisation;pattern clustering;probability;reliability theory;},
doi={},
ISSN={1530-1591},}

@Article{tinyos,
	title = "{TinyOS}: An operating system for sensor networks",
	author = "P. Levis and S. Madden and J. Polastre and R. Szewczyk and K. Whitehouse and A. Woo and D. Gay and J. Hill and M. Welsh and E. Brewer and D. Culler",
	journal = "Ambient Intelligence",
	pages = "115--148",
	year = "2005",
	publisher = "Springer"
}

@INPROCEEDINGS{Li:2007,
author={Li, X. and Garzaran, M.J. and Padua, D.},
booktitle={Proc. Parallel and Distributed Processing Symposium},
title={Optimizing Sorting with Machine Learning Algorithms},
year={2007},
ISSN={},}

%doi={10.1109/IPDPS.2007.370499},

@Article{liu1994,
	author = "J. W. S. Liu and W.-K. Shih and K.-J. Lin and R. Bettati and J.-Y. Chung",
	journal = "Proc. of the IEEE",
	title = "Imprecise computations",
	year = "1994",
	volume = "82",
	number = "1",
	pages = "83--94",
	keywords = "architectural framework, fault tolerance, imprecise computation technique, real-time systems, time-critical task, transient overload, fault tolerant computing, real-time systems, scheduling, uncertainty handling",
	ISSN = "0018-9219"
}

%	doi = "10.1109/5.259428",


@INPROCEEDINGS{Neiroukh:2005,
author={Neiroukh, S. and Xiaoyu Song},
booktitle={Proc. Conf. on Design, Automation and Test in Europe (DATE). },
title={Improving the process-variation tolerance of digital circuits using gate sizing and statistical techniques},
year={2005},
month={march},
volume={},
number={},
ISSN={1530-1591 },}
%doi={10.1109/DATE.2005.180},

@inproceedings{Malinowski:2007,
 author = {Malinowski, Mateusz and Moskwa, Matthew and Feldmeier, Mark and Laibowitz, Mathew and Paradiso, Joseph A.},
 title = {CargoNet: a low-cost micropower sensor node exploiting quasi-passive wakeup for adaptive asychronous monitoring of exceptional events},
 booktitle = {Proceedings of the 5th international conference on Embedded networked sensor systems},
 series = {SenSys '07},
 year = {2007},
 isbn = {978-1-59593-763-6},
 location = {Sydney, Australia},
 pages = {145--159},
 numpages = {15},
 acmid = {1322278},
 publisher = {ACM},
 address = {New York, NY, USA},
 keywords = {active RFID, micropower sensing, power management},
} 
% url = {http://doi.acm.org/10.1145/1322263.1322278},
% doi = {http://doi.acm.org/10.1145/1322263.1322278},

@INPROCEEDINGS{Matsuda:2006,
author={Matsuda, T. and Takeuchi, T. and Yoshino, H. and Ichien, M. and Mikami, S. and Kawaguchi, H. and Ohta, C. and Yoshimoto, M.},
booktitle={Proceedings of the First International Conference on Communications and Electronics. (ICCE)},
title={A Power-Variation Model for Sensor Node and the Impact against Life Time of Wireless Sensor Networks},
year={2006},
month={oct.},
volume={},
number={},
pages={106 -111},
keywords={QualNet;analytical modeling;microprocessor;network protocols;optimization;performance analysis;power-variation model;sensor node;threshold-voltage variation;wireless sensor networks life time;access protocols;routing protocols;wireless sensor networks;},
ISSN={},}

%doi={10.1109/CCE.2006.350835},

@ARTICLE{Mintarno:2011,
author={Mintarno, E. and Skaf, J. and Rui Zheng and Velamala, J.B. and Yu Cao and Boyd, S. and Dutton, R.W. and Mitra, S.},
journal={Computer-Aided Design of Integrated Circuits and Systems, IEEE Transactions on},
title={Self-Tuning for Maximized Lifetime Energy-Efficiency in the Presence of Circuit Aging},
year={2011},
month={may },
volume={30},
number={5},
pages={760 -773},
keywords={benchmark circuits;circuit aging;dynamic voltage and frequency scaling;energy efficiency;lifetime computational power efficiency;maximized lifetime;self-tuning;three control policies;ageing;benchmark testing;circuit testing;life testing;},
ISSN={0278-0070},}

%doi={10.1109/TCAD.2010.2100531},

@InProceedings{McIntire:2006,
 author = {McIntire, Dustin and Ho, Kei and Yip, Bernie and Singh, Amarjeet and Wu, Winston and Kaiser, William J.},
 title = {The low power energy aware processing (LEAP)embedded networked sensor system},
 booktitle = {Proceedings of the 5th international conference on Information processing in sensor networks},
 series = {IPSN '06},
 year = {2006},
 isbn = {1-59593-334-4},
 location = {Nashville, Tennessee, USA},
 pages = {449--457},
 numpages = {9},
 url = {http://doi.acm.org/10.1145/1127777.1127846},
 doi = {http://doi.acm.org/10.1145/1127777.1127846},
 acmid = {1127846},
 publisher = {ACM},
 address = {New York, NY, USA},
 keywords = {embedded wireless networked sensor, energy-aware multiprocessor platform, sensor platform hardware and software architecture},
} 

@inproceedings{Meng:2006,
 author = {Meng, K. and Joseph, R.},
 title = {Process variation aware cache leakage management},
 booktitle = {Proceedings of the 2006 international symposium on Low power electronics and design},
 series = {ISLPED '06},
 year = {2006},
 pages = {262--267}
} 


@Misc{NCDC:2010,
	author = "U.S. Climate Reference Network (USCRN)",
	title = "Hourly temperature data",
	howpublished = "www.ncdc.noaa.gov/crn/",
	year = 2010
}



@ARTICLE{Pant:2011, 
author={Pant, A. and Gupta, P. and v. der Schaar, M.}, 
journal={IEEE T. V. Large Scale Integration (VLSI) Systems}, 
title={AppAdapt: Opportunistic Application Adaptation in Presence of Hardware Variation}, 
year={2012}, 
volume={20}, 
number={11}, 
pages={1986-1996}, 
keywords={hardware-software codesign;software quality;AppAdapt;H.264 encoding;application quality improvement;hardware signatures;hardware variation;opportunistic application adaptation;post manufacturing hardware characteristics;process variations;software adaptation;software layer;Encoding;Hardware;Manufacturing;PSNR;Software;Tuning;Application adaptation;hardware-software interface;manufacturing yield;overdesign;process variation}, 
ISSN={1063-8210},}
%doi={10.1109/TVLSI.2011.2167360}, 




@inproceedings{Puri:2005,
 author = {Puri, Ruchir and Stok, Leon and Bhattacharya, Subhrajit},
 title = {Keeping hot chips cool},
 booktitle = {Proceedings of the 42nd annual Design Automation Conference},
 series = {DAC '05},
 year = {2005},
 isbn = {1-59593-058-2},
 location = {Anaheim, California, USA},
 pages = {285--288},
 numpages = {4},
 url = {http://doi.acm.org/10.1145/1065579.1065653},
 doi = {http://doi.acm.org/10.1145/1065579.1065653},
 acmid = {1065653},
 publisher = {ACM},
 address = {New York, NY, USA},
 keywords = {VLSI design, high-performance, low power},
} 

@misc{PTM-Hspice,
  author = {ASU NIMO Group},
  title = {{PTM} {H}spice Models},
  howpublished = {http://ptm.asu.edu}
}

@Article{ Raghunathan:2006,
	author = "V. Raghunathan and S. Ganeriwal and M. Srivastava",
	journal = "IEEE Communications Magazine",
	title = "Emerging techniques for long lived wireless sensor networks",
	year = "2006",
	volume = "44",
	number = "4",
	pages = " 108--114",
	keywords = " battery-operated sensor nodes, communication protocols, information processing, wireless sensor networks, protocols, wireless sensor networks",
	doi = "10.1109/MCOM.2006.1632657",
	ISSN = "0163-6804"
}

@inproceedings{Reddi:2009,
 author = {Reddi, Vijay Janapa and Gupta, Meeta S. and Smith, Michael D. and Wei, Gu-yeon and Brooks, David and Campanoni, Simone},
 title = {Software-assisted hardware reliability: abstracting circuit-level challenges to the software stack},
 booktitle = {Proceedings of the 46th Annual Design Automation Conference},
 series = {DAC '09},
 year = {2009},
 isbn = {978-1-60558-497-3},
 location = {San Francisco, California},
 pages = {788--793},
 numpages = {6},
 url = {http://doi.acm.org/10.1145/1629911.1630114},
 doi = {http://doi.acm.org/10.1145/1629911.1630114},
 acmid = {1630114},
 publisher = {ACM},
 address = {New York, NY, USA},
 keywords = {hardware software co-design, runtime optimization},
} 

@inproceedings{Rumble:2009,
 author = {Rumble, Stephen M. and Stutsman, Ryan and Levis, Philip and Mazi\`{e}res, David and Zeldovich, Nickolai},
 title = {Apprehending joule thieves with {Cinder}},
 booktitle = {Proc. ACM MobiHeld},
 year = {2009},
 isbn = {978-1-60558-444-7},
 location = {Barcelona, Spain},
 pages = {49--54},
 numpages = {6},
 acmid = {1592618},
 publisher = {ACM},
 keywords = {capacitor, energy, hierarchical},
} 
% url = {http://doi.acm.org/10.1145/1592606.1592618},
% doi = {http://doi.acm.org/10.1145/1592606.1592618},
% series = {MobiHeld '09},
% address = {New York, NY, USA},


@ARTICLE{Sakurai:1990,
author={Sakurai, T. and Newton, A.R.},
journal={IEEE Journal of Solid-State Circuits}, 
title={Alpha-power law MOSFET model and its applications to CMOS inverter delay and other formulas},
year={1990},
month={4},
volume={25},
number={2},
pages={584 -594},
doi={10.1109/4.52187},
ISSN={0018-9200},}

@inproceedings{Sorber:2007,
 author = {Sorber, Jacob and Kostadinov, Alexander and Garber, Matthew and Brennan, Matthew and Corner, Mark D. and Berger, Emery D.},
 title = {Eon: a language and runtime system for perpetual systems},
 booktitle = {Proceedings of the 5th international conference on Embedded networked sensor systems},
 series = {SenSys '07},
 year = {2007},
 isbn = {978-1-59593-763-6},
 location = {Sydney, Australia},
 pages = {161--174},
 numpages = {14},
 url = {http://doi.acm.org/10.1145/1322263.1322279},
 acmid = {1322279},
 publisher = {ACM},
 address = {New York, NY, USA},
 keywords = {coordination languages, embedded systems, energy harvesting, energy management},
} 

@ARTICLE{Sylvester:2006, 
author={Sylvester, D. and Blaauw, D. and Karl, E.}, 
journal={IEEE Design Test of Computers}, 
title={ElastIC: An Adaptive Self-Healing Architecture for Unpredictable Silicon}, 
year={2006},
volume={23}, 
number={6}, 
pages={484 -490}}

 
 @INPROCEEDINGS{Teodorescu:2008, 
author={Teodorescu, R. and Torrellas, J.}, 
booktitle={Intl. Symposium on Computer Architecture}, 
series={ISCA'08},
title={Variation-Aware Application Scheduling and Power Management for Chip Multiprocessors}, 
year={2008}, 
pages={363-374}, 
keywords={linear programming;multiprocessing systems;power aware computing;processor scheduling;Intel Foxton power management algorithm;LinOpt;chip multiprocessor;dynamic frequency scaling;dynamic voltage scaling;linear programming;power management;variation-aware application scheduling;Application software;Dynamic voltage scaling;Energy management;Frequency;Job shop scheduling;Linear programming;Processor scheduling;Scheduling algorithm;Technology management;Throughput;Process variation;application scheduling;power management}, 
ISSN={1063-6897},}
%doi={10.1109/ISCA.2008.40}



@article{Tiwari:2007,
 author = {Tiwari, A. and Sarangi, S. R. and Torrellas, J.},
 title = {ReCycle:: pipeline adaptation to tolerate process variation},
 journal = {SIGARCH Comput. Archit. News},
 issue_date = {May 2007},
 volume = {35},
 number = {2},
 month = jun,
 year = {2007},
 issn = {0163-5964},
 pages = {323--334},
 numpages = {12},
 acmid = {1250703},
 publisher = {ACM},
 address = {New York, NY, USA},
 keywords = {clock skew, pipeline, process variation},
} 
% url = {http://doi.acm.org/10.1145/1273440.1250703},
% doi = {10.1145/1273440.1250703},


@INPROCEEDINGS{Tschanz:2002,
author={Tschanz, J. and Kao, J. and Narendra, S. and Nair, R. and Antoniadis, D. and Chandrakasan, A. and V. De},
booktitle={IEEE International Solid-State Circuits Conference (ISSCC)},
title={Adaptive body bias for reducing impacts of die-to-die and within-die parameter variations on microprocessor frequency and leakage },
year={2002},
month={},
volume={1},
number={},
pages={422 -478},
keywords={150 nm;CMOS chip;die count;die-to-die parameter variations;microprocessor frequency;microprocessor leakage;on-chip bidirectional adaptive body bias;within-die parameter variations;CMOS digital integrated circuits;microprocessor chips;},
ISSN={},}
% doi={10.1109/ISSCC.2002.993112}


@article{Voss:2001,
 author = {Voss, Michael J. and Eigemann, Rudolf},
 title = {High-level adaptive program optimization with ADAPT},
 journal = {SIGPLAN Not.},
 issue_date = {July 2001},
 volume = {36},
 number = {7},
 month = jun,
 year = {2001},
 issn = {0362-1340},
 pages = {93--102},
 numpages = {10},
 url = {http://doi.acm.org/10.1145/568014.379583},
 doi = {10.1145/568014.379583},
 acmid = {379583},
 publisher = {ACM},
 address = {New York, NY, USA},
} 

@ARTICLE{Wanner:2012, 
author={Wanner, L. and Apte, C. and Balani, R. and Gupta, P. and Srivastava, M.}, 
journal={IEEE T. Very Large Scale Integration (VLSI) Systems}, 
title={Hardware Variability-Aware Duty Cycling for Embedded Sensors}, 
year={2012}, 
volume={21}, 
number={6}, 
pages={1000-1012}, 
keywords={Capacitance;Power demand;Power measurement;Temperature dependence;Temperature measurement;Temperature sensors;Duty cycling;energy-aware embedded software;hardware variability}, 
ISSN={1063-8210},}
%doi={10.1109/TVLSI.2012.2203325}, 


@article{Wiedenhoft:2008,
 author = {Wiedenhoft, Geovani Ricardo and Wanner, Lucas Francisco and Gracioli, Giovani and Fr\"{o}hlich, Ant\^{o}nio Augusto},
 title = {Power management in the EPOS system},
 journal = {SIGOPS Oper. Syst. Rev.},
 volume = {42},
 issue = {6},
 month = {October},
 year = {2008},
 issn = {0163-5980},
 pages = {71--80},
 numpages = {10},
 url = {http://doi.acm.org/10.1145/1453775.1453789},
 doi = {http://doi.acm.org/10.1145/1453775.1453789},
 acmid = {1453789},
 publisher = {ACM},
 address = {New York, NY, USA},
 keywords = {embedded systems, imprecise computation, power management},
} 



@INPROCEEDINGS{Zahedi:2010,
author={Zahedi, S. and Srivastava, M.B. and Bisdikian, C. and Kaplan, L.M.},
booktitle={IEEE Real-Time Systems Symposium (RTSS)},
title={Quality Tradeoffs in Object Tracking with Duty-Cycled Sensor Networks},
year={2010},
month={Dec},
volume={},
number={},
pages={160 -169},
keywords={ARL;Aberdeen Proving Ground;Maryland;U.S. Army Research Laboratory;acoustic sensor data;duty-cycled sensor networks;energy conserving operations;maximum likelihood localization;object tracking;quality tradeoffs;real-time sensing tasks;variable network density;wireless sensor networks;acoustic transducers;maximum likelihood detection;object tracking;real-time systems;wireless sensor networks;},
doi={10.1109/RTSS.2010.24},
ISSN={1052-8725},}

@article{Zeng:2002,
 author = {Zeng, H. and Ellis, C. S. and Lebeck, A. R. and Vahdat, A.},
 title = {ECOSystem: managing energy as a first class operating system resource},
 journal = {SIGOPS Oper. Syst. Rev.},
 volume = {36},
 issue = {5},
 month = {October},
 year = {2002},
 issn = {0163-5980},
 pages = {123--132},
 numpages = {10},
 acmid = {605411},
 publisher = {ACM},
 address = {New York, NY, USA},
} 
% doi = {http://doi.acm.org/10.1145/635508.605411},
% url = {http://doi.acm.org/10.1145/635508.605411},


@InProceedings{Zheng:2009,
	author = "R. Zheng and J. Velamala and V. Reddy and V. Balakrishnan and E. Mintarno and S. Mitra and S. Krishnan and Yu Cao",
	booktitle = "IEEE Custom Int. Circ. Conf. (CICC)",
	title = "Circuit aging prediction for low-power operation",
	year = "2009",
	volume = "",
	number = "",
	pages = "427--430",
	keywords = "CMOS measurement data, channel hot carrier, circuit aging prediction, diffusion profile, dynamic voltage scaling, long sleep period, low-power circuit operations, low-power design, negative bias temperature instability, reaction-diffusion process, reliability protection, CMOS integrated circuits, ageing, integrated circuit reliability",
	ISSN = ""
}
%	doi = "10.1109/CICC.2009.5280814",


@misc{Android,
author = "Google",
title = "Android Developers Reference",
howpublished = "http://developer.android.com/reference/",
}